@article{owidcoronavirus,
    author = {Hannah Ritchie and Edouard Mathieu and Lucas Rod√©s-Guirao and Cameron Appel and Charlie Giattino and Esteban Ortiz-Ospina and Joe Hasell and Bobbie Macdonald and Diana Beltekian and Max Roser},
    title = {Coronavirus Pandemic (COVID-19)},
    journal = {Our World in Data},
    year = {2020},
    note = {https://ourworldindata.org/coronavirus}
}
@article{pandaseries,
    title = {pandas.Series},
    journal = {Pandas API Reference},
    year = {2021},
    note = {https://pandas.pydata.org/docs/reference/api/pandas.Series.html}
}
@article{pandaseriescorr,
    title = {pandas.Series.corr},
    journal = {Pandas API Reference},
    year = {2021},
    note = {https://pandas.pydata.org/docs/reference/api/pandas.Series.corr.html\#pandas.Series.corr}
}
@article{indexesgov,
    title = {Market Indices},
    journal = {SEC Emblem},
    year = {2012},
    note = {https://www.sec.gov/fast-answers/answersindiceshtm.html}
}
@article{yahoo,
    title = {S\&P 500},
    journal = {Yahoo! Finance},
    year = {2021},
    note = {https://finance.yahoo.com/quote/\%5EGSPC?p=\string^GSPC\&.tsrc=fin-srch}
}
@article{investing.com,
    title = {TX60},
    journal = {Investing.com},
    year = {2021},
    note = {https://www.investing.com/}
}
@article{dash,
    title = {Interactive Visualizations},
    journal = {Dash Python Documentation},
    year = {2021},
    note = {https://dash.plotly.com/interactive-graphing}
}
@article{investopedia,
    title = {Correlation Coefficient},
    journal = {Investopedia},
    year = {2021},
    note = {https://www.investopedia.com/terms/c/correlationcoefficient.asp}
}
@article{time,
    title = {Time},
    journal = {Time Magazine},
    year = {2020},
    note = {https://time.com/5783401/covid19-hubei-cases-classification/}
}

